@misc{sklearn_accuracy,
	title = {Scikit-learn, model evaluation, accuracy score},
	howpublished = {\url{http://scikit-learn.org/stable/modules/model_evaluation.html#accuracy-score}},
}

@misc{cross_enropy,
	title = {A friendly introduction to cross entropy loss},
	author={Rob Di Pietro},
	year={May 2, 2016},
	howpublished = {\url{https://rdipietro.github.io/friendly-intro-to-cross-entropy-loss/}},
}

@misc{Wikipedia_ImageNet,
	title = {Wikipedia, ImageNet},
	howpublished = {\url{https://en.wikipedia.org/wiki/ImageNet}},
}

@misc{Keras_applications,
	title = {Keras, applications},
	howpublished = {\url{https://keras.io/applications/}},
}

@misc{Chai_BiCos_demo,
	author={Yuning CHAI, Victor LEMPITSKY, Andrew ZISSERMAN},
	school={University of Oxford},
	year={2011},
	title = {Flowers Species Recognition Demo},
	howpublished = {\url{http://www.robots.ox.ac.uk/%7Evgg/research/flowers_demo/}},
}

@Article{Chai_BiCos,
	author = {Yuning CHAI, Victor LEMPITSKY, Andrew ZISSERMAN},
	title = {BiCoS: A Bi-level Co-Segmentation Method for Image Classification},
	journal={ICCV},
	year = {2011}
}

@misc{NAIN_notebook,
	author={A. Akashnain},
	title={Flowers are mesmerizing},
	howpublished = {\url{https://www.kaggle.com/aakashnain/flowers-are-mesmerizing}}
}

@Article{best-apps,
	author={Miranda Evans},
	title={The best apps to identify unknown plants and flowers},
	journal={The Telegraph},
	year = {26.06.2015},
	note={\url{https://www.telegraph.co.uk/gardening/tools-and-accessories/the-best-apps-to-identify-unknown-plants-and-flowers/}}
}










